@article {deforming_christophersen,
    AUTHOR = {Altmann, Klaus and Christophersen, Jan Arthur},
     TITLE = {Deforming {S}tanley-{R}eisner schemes},
   JOURNAL = {Math. Ann.},
  FJOURNAL = {Mathematische Annalen},
    VOLUME = {348},
      YEAR = {2010},
    NUMBER = {3},
     PAGES = {513--537},
      ISSN = {0025-5831},
     CODEN = {MAANA},
   MRCLASS = {14D15 (13D10 13F55 14B07 14B10)},
  MRNUMBER = {2677892 (2011i:14017)},
MRREVIEWER = {Arvid Siqveland},
       DOI = {10.1007/s00208-010-0490-x},
       URL = {http://dx.doi.org/10.1007/s00208-010-0490-x},
}

@article {squarefree_floystad_lohne,
    AUTHOR = {Fl{\o}ystad, Gunnar and Lohne, Henning},
     TITLE = {Brill-{N}oether theory of squarefree modules supported on a
              graph},
   JOURNAL = {J. Pure Appl. Algebra},
  FJOURNAL = {Journal of Pure and Applied Algebra},
    VOLUME = {217},
      YEAR = {2013},
    NUMBER = {5},
     PAGES = {803--818},
      ISSN = {0022-4049},
     CODEN = {JPAAA2},
   MRCLASS = {13F20 (13Cxx 13F55)},
  MRNUMBER = {3003305},
       DOI = {10.1016/j.jpaa.2012.09.010},
       URL = {http://dx.doi.org/10.1016/j.jpaa.2012.09.010},
}

@ARTICLE{fano_christophersen,
   author = {{Christophersen}, J.~A. and {Ilten}, N.~O.},
    title = "{Degenerations to Unobstructed Fano Stanley-Reisner Schemes}",
  journal = {ArXiv e-prints},
archivePrefix = "arXiv",
   eprint = {1102.4521},
 primaryClass = "math.AG",
 keywords = {Mathematics - Algebraic Geometry, 14J45, 13F55, 14D15, 14M25},
     year = 2011,
    month = feb,
   adsurl = {http://adsabs.harvard.edu/abs/2011arXiv1102.4521C},
  adsnote = {Provided by the SAO/NASA Astrophysics Data System}
}

@mastersthesis{masteroppgaven,
    author    = "Fredrik Meyer",
    title     = "Degenerations of {G(3,6)}",
    school    = "University of Oslo",
    year      = 2013,
}

@article {cp2_beauville,
    AUTHOR = {Beauville, Arnaud and Donagi, Ron},
     TITLE = {La vari\'et\'e des droites d'une hypersurface cubique de
              dimension {$4$}},
   JOURNAL = {C. R. Acad. Sci. Paris S\'er. I Math.},
  FJOURNAL = {Comptes Rendus des S\'eances de l'Acad\'emie des Sciences.
              S\'erie I. Math\'ematique},
    VOLUME = {301},
      YEAR = {1985},
    NUMBER = {14},
     PAGES = {703--706},
      ISSN = {0249-6291},
     CODEN = {CASMEI},
   MRCLASS = {14J35 (14C30)},
  MRNUMBER = {818549 (87c:14047)},
MRREVIEWER = {Fabio Bardelli},
}

@ARTICLE{cp3_datta,
   author = {{Bagchi}, B. and {Datta}, B.},
    title = "A triangulation of {$\C \PP^3$} as symmetric cube of {$S^2$}",
  journal = {ArXiv e-prints},
archivePrefix = "arXiv",
   eprint = {1012.3235},
 primaryClass = "math.AT",
 keywords = {Mathematics - Algebraic Topology, Mathematics - Combinatorics, 57Q15, 57R05, 57M60},
     year = 2010,
    month = dec,
   adsurl = {http://adsabs.harvard.edu/abs/2010arXiv1012.3235B},
  adsnote = {Provided by the SAO/NASA Astrophysics Data System}
}

@book {hartshorne,
    AUTHOR = {Hartshorne, Robin},
     TITLE = {Algebraic geometry},
      NOTE = {Graduate Texts in Mathematics, No. 52},
 PUBLISHER = {Springer-Verlag},
   ADDRESS = {New York},
      YEAR = {1977},
     PAGES = {xvi+496},
      ISBN = {0-387-90244-9},
   MRCLASS = {14-01},
  MRNUMBER = {0463157 (57 \#3116)},
MRREVIEWER = {Robert Speiser},
}

@book {eisenbud,
    AUTHOR = {Eisenbud, David},
     TITLE = {Commutative algebra},
    SERIES = {Graduate Texts in Mathematics},
    VOLUME = {150},
      NOTE = {With a view toward algebraic geometry},
 PUBLISHER = {Springer-Verlag},
   ADDRESS = {New York},
      YEAR = {1995},
     PAGES = {xvi+785},
      ISBN = {0-387-94268-8; 0-387-94269-6},
   MRCLASS = {13-01 (14A05)},
  MRNUMBER = {1322960 (97a:13001)},
MRREVIEWER = {Matthew Miller},
       DOI = {10.1007/978-1-4612-5350-1},
       URL = {http://dx.doi.org/10.1007/978-1-4612-5350-1},
}

@book {eisenbud_harris,
    AUTHOR = {Eisenbud, David and Harris, Joe},
     TITLE = {The geometry of schemes},
    SERIES = {Graduate Texts in Mathematics},
    VOLUME = {197},
 PUBLISHER = {Springer-Verlag},
   ADDRESS = {New York},
      YEAR = {2000},
     PAGES = {x+294},
      ISBN = {0-387-98638-3; 0-387-98637-5},
   MRCLASS = {14A15 (14-01 14C05 14H50 14N05)},
  MRNUMBER = {1730819 (2001d:14002)},
MRREVIEWER = {Allen B. Altman},
}

@book {hartshorne_def,
    AUTHOR = {Hartshorne, Robin},
     TITLE = {Deformation theory},
    SERIES = {Graduate Texts in Mathematics},
    VOLUME = {257},
 PUBLISHER = {Springer},
   ADDRESS = {New York},
      YEAR = {2010},
     PAGES = {viii+234},
      ISBN = {978-1-4419-1595-5},
   MRCLASS = {14D15 (13D10 14B07 14B12)},
  MRNUMBER = {2583634 (2011c:14023)},
MRREVIEWER = {Arvid Siqveland},
       DOI = {10.1007/978-1-4419-1596-2},
       URL = {http://dx.doi.org/10.1007/978-1-4419-1596-2},
}

@book {matsumura,
    AUTHOR = {Matsumura, Hideyuki},
     TITLE = {Commutative algebra},
    SERIES = {Mathematics Lecture Note Series},
    VOLUME = {56},
   EDITION = {Second},
 PUBLISHER = {Benjamin/Cummings Publishing Co., Inc., Reading, Mass.},
      YEAR = {1980},
     PAGES = {xv+313},
      ISBN = {0-8053-7026-9},
   MRCLASS = {13-02},
  MRNUMBER = {575344 (82i:13003)},
MRREVIEWER = {R. M. Fossum},
}

@incollection {vistoli,
    AUTHOR = {Vistoli, Angelo},
     TITLE = {Grothendieck topologies, fibered categories and descent
              theory},
 BOOKTITLE = {Fundamental algebraic geometry},
    SERIES = {Math. Surveys Monogr.},
    VOLUME = {123},
     PAGES = {1--104},
 PUBLISHER = {Amer. Math. Soc.},
   ADDRESS = {Providence, RI},
      YEAR = {2005},
   MRCLASS = {14F20 (14A20)},
  MRNUMBER = {2223406},
}

@book {hilb_points,
    AUTHOR = {Nakajima, Hiraku},
     TITLE = {Lectures on {H}ilbert schemes of points on surfaces},
    SERIES = {University Lecture Series},
    VOLUME = {18},
 PUBLISHER = {American Mathematical Society},
   ADDRESS = {Providence, RI},
      YEAR = {1999},
     PAGES = {xii+132},
      ISBN = {0-8218-1956-9},
   MRCLASS = {14C05 (17B69)},
  MRNUMBER = {1711344 (2001b:14007)},
MRREVIEWER = {Mark Andrea A. de Cataldo},
}
@book {milne_etale,
    AUTHOR = {Milne, James S.},
     TITLE = {\'{E}tale cohomology},
    SERIES = {Princeton Mathematical Series},
    VOLUME = {33},
 PUBLISHER = {Princeton University Press},
   ADDRESS = {Princeton, N.J.},
      YEAR = {1980},
     PAGES = {xiii+323},
      ISBN = {0-691-08238-3},
   MRCLASS = {14-02 (14F20 18F99)},
  MRNUMBER = {559531 (81j:14002)},
MRREVIEWER = {G. Horrocks},
}

@misc{ravi_vakil,
      author = "Ravi Vakil",
      title = "Math 216: Foundations of Algebraic Geometry",
      month = "juni",
      year = "2013",
      howpublished  = {\url{http://math.stanford.edu/~vakil/216blog/}}
}

@misc{stacks-project,
  shorthand    = {Stacks},
  author       = {The {Stacks Project Authors}},
  title        = {\itshape Stacks Project},
  howpublished = {\url{http://stacks.math.columbia.edu}},
  year         = {2013},
}

@incollection {mumford_picard,
    AUTHOR = {Mumford, David},
     TITLE = {Picard groups of moduli problems},
 BOOKTITLE = {Arithmetical {A}lgebraic {G}eometry ({P}roc. {C}onf. {P}urdue
              {U}niv., 1963)},
     PAGES = {33--81},
 PUBLISHER = {Harper \& Row},
   ADDRESS = {New York},
      YEAR = {1965},
   MRCLASS = {14.20},
  MRNUMBER = {0201443 (34 \#1327)},
MRREVIEWER = {S. S. Shatz},
}

@incollection {fantechi_stacks,
    AUTHOR = {Fantechi, Barbara},
     TITLE = {Stacks for everybody},
 BOOKTITLE = {European {C}ongress of {M}athematics, {V}ol. {I} ({B}arcelona,
              2000)},
    SERIES = {Progr. Math.},
    VOLUME = {201},
     PAGES = {349--359},
 PUBLISHER = {Birkh\"auser},
   ADDRESS = {Basel},
      YEAR = {2001},
   MRCLASS = {14A20},
  MRNUMBER = {1905329 (2003h:14003)},
MRREVIEWER = {Gabriele Vezzosi},
}

@article {gomez_stacks,
    AUTHOR = {G{\'o}mez, Tom{\'a}s L.},
     TITLE = {Algebraic stacks},
   JOURNAL = {Proc. Indian Acad. Sci. Math. Sci.},
  FJOURNAL = {Indian Academy of Sciences. Proceedings. Mathematical
              Sciences},
    VOLUME = {111},
      YEAR = {2001},
    NUMBER = {1},
     PAGES = {1--31},
      ISSN = {0253-4142},
   MRCLASS = {14A20 (14D20 18D05)},
  MRNUMBER = {1818418 (2002a:14002)},
MRREVIEWER = {Ivan S. Kausz},
       DOI = {10.1007/BF02829538},
       URL = {http://dx.doi.org/10.1007/BF02829538},
}

@article {kleiman_grassmannians,
    AUTHOR = {Kleiman, Steven L.},
     TITLE = {Geometry on {G}rassmannians and applications to splitting
              bundles and smoothing cycles},
   JOURNAL = {Inst. Hautes \'Etudes Sci. Publ. Math.},
  FJOURNAL = {Institut des Hautes \'Etudes Scientifiques. Publications
              Math\'ematiques},
    VOLUME = {?},
    NUMBER = {36},
      YEAR = {1969},
     PAGES = {281--297},
      ISSN = {0073-8301},
   MRCLASS = {14.55},
  MRNUMBER = {0265371 (42 \#281)},
MRREVIEWER = {D. Lieberman},
}

@incollection {nitsure_hilbert,
    AUTHOR = {Nitsure, Nitin},
     TITLE = {Construction of {H}ilbert and {Q}uot schemes},
 BOOKTITLE = {Fundamental algebraic geometry},
    SERIES = {Math. Surveys Monogr.},
    VOLUME = {123},
     PAGES = {105--137},
 PUBLISHER = {Amer. Math. Soc.},
   ADDRESS = {Providence, RI},
      YEAR = {2005},
   MRCLASS = {14C05},
  MRNUMBER = {2223407},
}
@book {neumann_stacks,
    AUTHOR = {Neumann, Frank},
     TITLE = {Algebraic stacks and moduli of vector bundles},
    SERIES = {Publica\c c\~oes Matem\'aticas do IMPA. [IMPA Mathematical
              Publications]},
      NOTE = {27${^{{}}{\rm{o}}}$ Col{\'o}quio Brasileiro de
              Matem{\'a}tica. [27th Brazilian Mathematics Colloquium]},
 PUBLISHER = {Instituto Nacional de Matem\'atica Pura e Aplicada (IMPA), Rio
              de Janeiro},
      YEAR = {2009},
     PAGES = {142},
      ISBN = {978-85-244-0290-6},
   MRCLASS = {14D23 (14A20 14D20)},
  MRNUMBER = {2536079 (2010j:14019)},
MRREVIEWER = {Ajneet S. Dhillon},
}

@book {rosenberg_ktheory,
    AUTHOR = {Rosenberg, Jonathan},
     TITLE = {Algebraic {$K$}-theory and its applications},
    SERIES = {Graduate Texts in Mathematics},
    VOLUME = {147},
 PUBLISHER = {Springer-Verlag},
   ADDRESS = {New York},
      YEAR = {1994},
     PAGES = {x+392},
      ISBN = {0-387-94248-3},
   MRCLASS = {19-01 (19-02)},
  MRNUMBER = {1282290 (95e:19001)},
MRREVIEWER = {Dominique Arlettaz},
       DOI = {10.1007/978-1-4612-4314-4},
       URL = {http://dx.doi.org/10.1007/978-1-4612-4314-4},
}

@book {cox_toric,
    AUTHOR = {Cox, David A. and Little, John B. and Schenck, Henry K.},
     TITLE = {Toric varieties},
    SERIES = {Graduate Studies in Mathematics},
    VOLUME = {124},
 PUBLISHER = {American Mathematical Society},
   ADDRESS = {Providence, RI},
      YEAR = {2011},
     PAGES = {xxiv+841},
      ISBN = {978-0-8218-4819-7},
   MRCLASS = {14M25 (05A15 05E45 52B12)},
  MRNUMBER = {2810322 (2012g:14094)},
MRREVIEWER = {Ivan V. Arzhantsev},
}

@book {sturmfels,
    AUTHOR = {Sturmfels, Bernd},
     TITLE = {Gr\"obner bases and convex polytopes},
    SERIES = {University Lecture Series},
    VOLUME = {8},
 PUBLISHER = {American Mathematical Society},
   ADDRESS = {Providence, RI},
      YEAR = {1996},
     PAGES = {xii+162},
      ISBN = {0-8218-0487-1},
   MRCLASS = {13P10 (14M25 52B20)},
  MRNUMBER = {1363949 (97b:13034)},
MRREVIEWER = {P. Schenzel},
}

@book {schenck_computational,
    AUTHOR = {Schenck, Hal},
     TITLE = {Computational algebraic geometry},
    SERIES = {London Mathematical Society Student Texts},
    VOLUME = {58},
 PUBLISHER = {Cambridge University Press},
   ADDRESS = {Cambridge},
      YEAR = {2003},
     PAGES = {xiv+193},
      ISBN = {0-521-82964-X; 0-521-53650-2},
   MRCLASS = {13-01 (13P99)},
  MRNUMBER = {2011360 (2004k:13001)},
MRREVIEWER = {Thomas Bayer},
       DOI = {10.1017/CBO9780511756320},
       URL = {http://dx.doi.org/10.1017/CBO9780511756320},
}

@book {ene_grobner,
    AUTHOR = {Ene, Viviana and Herzog, J{\"u}rgen},
     TITLE = {Gr\"obner bases in commutative algebra},
    SERIES = {Graduate Studies in Mathematics},
    VOLUME = {130},
 PUBLISHER = {American Mathematical Society},
   ADDRESS = {Providence, RI},
      YEAR = {2012},
     PAGES = {xii+164},
      ISBN = {978-0-8218-7287-1},
   MRCLASS = {13P10 (13-01)},
  MRNUMBER = {2850142},
MRREVIEWER = {P. Schenzel},
}

@manual{sage,
  Key          = {Sage},
  Author       = {W.\thinspace{}A. Stein and others},
  Organization = {The Sage Development Team},
  Title        = {{S}age {M}athematics {S}oftware ({V}ersion x.y.z)},
  note         = {{\tt http://www.sagemath.org}},
  Year         = {2014},
}

@manual{GAP4,
    key          = "GAP",
    author       = {},
    organization = "The GAP~Group",
    title        = "{GAP -- Groups, Algorithms, and Programming,
                    Version 4.7.2}",
    year         = 2013,
    url          = "\verb+(http://www.gap-system.org)+",
    }