@ARTICLE{wang_connectedness,
   author = {{Wang}, S.-S.},
    title = "{On the connectedness of the standard web of Calabi-Yau 3-folds and small transitions}",
  journal = {ArXiv e-prints},
archivePrefix = "arXiv",
   eprint = {1603.03929},
 primaryClass = "math.AG",
 keywords = {Mathematics - Algebraic Geometry},
     year = 2016,
    month = mar,
   adsurl = {http://adsabs.harvard.edu/abs/2016arXiv160303929W},
  adsnote = {Provided by the SAO/NASA Astrophysics Data System}
}