@book {sturmfels,
    AUTHOR = {Sturmfels, Bernd},
     TITLE = {Gr\"obner bases and convex polytopes},
    SERIES = {University Lecture Series},
    VOLUME = {8},
 PUBLISHER = {American Mathematical Society},
   ADDRESS = {Providence, RI},
      YEAR = {1996},
     PAGES = {xii+162},
      ISBN = {0-8218-0487-1},
   MRCLASS = {13P10 (14M25 52B20)},
  MRNUMBER = {1363949 (97b:13034)},
MRREVIEWER = {P. Schenzel},
}
@article {eisenbud_graphcurves,
    AUTHOR = {Bayer, Dave and Eisenbud, David and },
     TITLE = {Graph curves},
      NOTE = {With an appendix by Sung Won Park},
   JOURNAL = {Adv. Math.},
  FJOURNAL = {Advances in Mathematics},
    VOLUME = {86},
      YEAR = {1991},
    NUMBER = {1},
     PAGES = {1--40},
      ISSN = {0001-8708},
   MRCLASS = {14H45 (14C20 14H10 14H20)},
  MRNUMBER = {1097026},
MRREVIEWER = {R. F. Lax},
       DOI = {10.1016/0001-8708(91)90034-5},
       URL = {http://dx.doi.org/10.1016/0001-8708(91)90034-5},
}
@book {stanley_green,
    AUTHOR = {Stanley, Richard P.},
     TITLE = {Combinatorics and commutative algebra},
    SERIES = {Progress in Mathematics},
    VOLUME = {41},
   EDITION = {Second},
 PUBLISHER = {Birkh\"auser Boston, Inc., Boston, MA},
      YEAR = {1996},
     PAGES = {x+164},
      ISBN = {0-8176-3836-9},
   MRCLASS = {05-02 (13F50)},
  MRNUMBER = {1453579},
MRREVIEWER = {Volkmar Welker},
}